@book{textbook,
  author    = {成瀬 正},
  title     = {コンピュータアーキテクチャ},
  edition   = {第1版},
  publisher = {森北出版},
  year      = {2016},
}
